@article{ref:hllhc,
      author        = "Apollinari, G. and Br√ºning, O. and Nakamoto, T. and
                       Rossi, Lucio",
      title         = "{Chapter 1: High Luminosity Large Hadron Collider HL-LHC.
                       High Luminosity Large Hadron Collider HL-LHC}",
      journal       = "CERN Yellow Report",
      archivePrefix = "arXiv",
      eprint        = "1705.08830",
      reportNumber  = "FERMILAB-PUB-15-699-TD, 5",
      pages         = "1-19. 21 p",
      month         = "May",
      year          = "2017",
      url           = "https://cds.cern.ch/record/2120673",
      note          = "21 pages, chapter in High-Luminosity Large Hadron Collider
                       (HL-LHC) : Preliminary Design Report",
      doi           = "10.5170/CERN-2015-005.1"
}
